%% LaTeX2e file `bib.bib'
%% generated by the `filecontents' environment
%% from source `main' on 2018/06/06.
%%
@misc{xyz,
    author = "NAME",
    date = "YEAR",
    howpublished = "personal communication"
    }
