@MISC{DICOMWEBSITE:1,
	HOWPUBLISHED = "\url{http://dicomiseasy.blogspot.com/2011/10/introduction-to-dicom-chapter-1.html}",
	AUTHOR = "Intel",
	TITLE = "Example Website",
	MONTH = "Dec",
	YEAR = "1988",
	NOTE = "Accessed on 2012-11-11"
}